@article{Ducceschi2019,
    title = {NON-ITERATIVE SOLVERS FOR NONLINEAR PROBLEMS: THE CASE OF COLLISIONS},
    author = {Ducceschi, Michele},
    year = {2019},
    journal = {DAFx-19}
    }

@book{Bilbao2009,
  title={Numerical Sound Synthesis},
  author={Bilbao, S.},
  isbn={9780470510469},
  year={2009},
  publisher={John Wiley \& Sons}
}
